<record xmlns="http://www.loc.gov/MARC21/slim" xmlns:xsi="http://www.w3.org/2001/XMLSchema-instance" xsi:schemaLocation="http://www.loc.gov/MARC21/slim http://www.loc.gov/standards/marcxml/schema/MARC21slim.xsd"><leader>     nam a22        4500</leader><controlfield tag="001">3076905</controlfield><controlfield tag="003">NNC</controlfield><controlfield tag="006">m        d        </controlfield><controlfield tag="007">cr cn |||m|||a</controlfield><controlfield tag="008">150602s1961    iq      ob    000 0 ararc</controlfield><datafield ind1=" " ind2=" " tag="040"><subfield code="a">NNU</subfield><subfield code="b">eng</subfield><subfield code="e">rda</subfield><subfield code="c">NNU</subfield></datafield><datafield ind1=" " ind2=" " tag="043"><subfield code="a">a-iq---</subfield></datafield><datafield ind1=" " ind2="4" tag="050"><subfield code="a">PJ8040</subfield><subfield code="b">.W3</subfield></datafield><datafield ind1="1" ind2=" " tag="100"><subfield code="6">880-01</subfield><subfield code="a">Wa&#772;&#700;ili&#772;, Ibra&#772;hi&#772;m.</subfield></datafield><datafield ind1="1" ind2="3" tag="245"><subfield code="6">880-02</subfield><subfield code="a">al-Shi&#699;r al-siya&#772;si&#772; al-&#699;Ira&#772;qi&#772; fi&#772; al-qarn al-ta&#772;si&#699; &#699;ashar /</subfield><subfield code="c">ta&#700;li&#772;f Ibra&#772;hi&#772;m al-Wa&#772;&#700;ili&#772;.</subfield></datafield><datafield ind1="3" ind2=" " tag="246"><subfield code="a">Iraqi political poetry in the nineteenth century</subfield></datafield><datafield ind1=" " ind2=" " tag="260"><subfield code="6">880-03</subfield><subfield code="a">Baghda&#772;d :</subfield><subfield code="b">Mat&#803;ba&#699;at al-&#699;A&#772;ni&#772;,</subfield><subfield code="c">1281 [1961]</subfield></datafield><datafield ind1=" " ind2=" " tag="300"><subfield code="a">online resource (316 pages)</subfield></datafield><datafield ind1=" " ind2=" " tag="336"><subfield code="a">text</subfield><subfield code="2">rdacontent</subfield></datafield><datafield ind1=" " ind2=" " tag="337"><subfield code="a">computer</subfield><subfield code="2">rdamedia</subfield></datafield><datafield ind1=" " ind2=" " tag="338"><subfield code="a">online resource</subfield><subfield code="2">rdacarrier</subfield></datafield><datafield ind1=" " ind2=" " tag="500"><subfield code="a">Cover title: Iraqi political poetry in the nineteenth century, by Ibrahim al-Wa&#700;ili.</subfield></datafield><datafield ind1=" " ind2=" " tag="500"><subfield code="a">Part of the Arabic Collections Online (ACO) project, contributed by Columbia University Libraries.</subfield></datafield><datafield ind1=" " ind2=" " tag="504"><subfield code="a">Includes bibliographical references (pages 307-316).</subfield></datafield><datafield ind1=" " ind2=" " tag="533"><subfield code="a">Electronic reproduction.</subfield><subfield code="b">New York, N.Y. :</subfield><subfield code="c">New York University,</subfield><subfield code="d">2015.</subfield><subfield code="5">NNU</subfield></datafield><datafield ind1=" " ind2="0" tag="650"><subfield code="a">Arabic poetry</subfield><subfield code="z">Iraq</subfield><subfield code="x">History and criticism.</subfield></datafield><datafield ind1=" " ind2="7" tag="650"><subfield code="a">Arabic poetry.</subfield><subfield code="2">fast</subfield><subfield code="0">(OCoLC)fst00812533</subfield></datafield><datafield ind1=" " ind2="7" tag="651"><subfield code="a">Iraq.</subfield><subfield code="2">fast</subfield><subfield code="0">(OCoLC)fst01205757</subfield></datafield><datafield ind1=" " ind2="7" tag="655"><subfield code="a">Criticism, interpretation, etc.</subfield><subfield code="2">fast</subfield><subfield code="0">(OCoLC)fst01411635</subfield></datafield><datafield ind1="2" ind2=" " tag="710"><subfield code="a">Columbia University.</subfield><subfield code="b">Libraries.</subfield></datafield><datafield ind1="0" ind2=" " tag="730"><subfield code="a">Arabic Collections Online.</subfield></datafield><datafield ind1="0" ind2="8" tag="776"><subfield code="i">Print version:</subfield><subfield code="a">Wa&#772;&#700;ili&#772;, Ibra&#772;hi&#772;m.</subfield><subfield code="t">al-Shi&#699;r al-siya&#772;si&#772; al-&#699;Ira&#772;qi&#772; fi&#772; al-qarn al-ta&#772;si&#699; &#699;ashar</subfield><subfield code="w">(NNC)3076905</subfield><subfield code="w">(DLC)ne 63000386 </subfield><subfield code="w">(OCoLC)21789239</subfield></datafield><datafield ind1="4" ind2="0" tag="856"><subfield code="u">http://hdl.handle.net/2333.1/931zctxv</subfield></datafield><datafield ind1="1" ind2=" " tag="880"><subfield code="6">100-01</subfield><subfield code="a">&#8207;&#1608;&#1575;&#1574;&#1604;&#1610;&#1548; &#1573;&#1576;&#1585;&#1575;&#1607;&#1610;&#1605;.</subfield></datafield><datafield ind1="1" ind2="2" tag="880"><subfield code="6">245-02</subfield><subfield code="a">&#8207;&#1575;&#1604;&#1588;&#1593;&#1585; &#1575;&#1604;&#1587;&#1610;&#1575;&#1587;&#1610; &#1575;&#1604;&#1593;&#1585;&#1575;&#1602;&#1610; &#1601;&#1610; &#1575;&#1604;&#1602;&#1585;&#1606; &#1575;&#1604;&#1578;&#1575;&#1587;&#1593; &#1593;&#1588;&#1585; /&#8207;</subfield><subfield code="c">&#8207;&#1578;&#1571;&#1604;&#1610;&#1601; &#1573;&#1576;&#1585;&#1575;&#1607;&#1610;&#1605; &#1575;&#1604;&#1608;&#1575;&#1574;&#1604;&#1610;.</subfield></datafield><datafield ind1=" " ind2=" " tag="880"><subfield code="6">260-03</subfield><subfield code="a">&#1576;&#1594;&#1583;&#1575;&#1583; :</subfield><subfield code="b">&#1605;&#1591;&#1576;&#1593;&#1577; &#1575;&#1604;&#1593;&#1575;&#1606;&#1610;&#1548;</subfield><subfield code="c">1281 [1961]</subfield></datafield><datafield ind1=" " ind2=" " tag="959"><subfield code="a">NNU</subfield><subfield code="b">WEB</subfield><subfield code="c">GENI</subfield><subfield code="t">0</subfield><subfield code="m">Electronic access</subfield><subfield code="s">01</subfield></datafield><datafield ind1=" " ind2=" " tag="999"><subfield code="i">NNC_3076905</subfield><subfield code="o">(OCoLC)ocm21789239</subfield><subfield code="s">columbia_aco000472</subfield><subfield code="e">(ERROR-880)</subfield><subfield code="s">columbia_aco000472</subfield></datafield></record>